@ARTICLE{real_time_tracking,
  title={EthoVision: A versatile video tracking system for automation of behavioral experiments},
  author={Noldus, L.P.J.J. and Spink, A.J. and Tegelenbosch, R.A.J.},
  journal={Behavior Research Methods, Instruments, \& Computers},
  year={2001},
  number={3},
  volume={33},
  pages={398-414},
  note={ISSN~0743-3808},
  howpublished={\textit\{url{http://dx.doi.org/10.3758/BF03195394}}},
  publisher={Springer-Verlag}
}
@BOOK{opencv_essentials,
  title={OpenCV Essentials},
  author={Suarez, O.D. and Carrobles, M.M.F. and Enano, N.V. and Garc{\'\i}a, G.B. and Gracia, I.S. and Incertis, J.A.P. and Tercero, J.S.},
  note={ISBN~9781783984251},
  year={2014},
  publisher={Packt Publishing}
}

@BOOK{ffmpeg_basics,
  title={FFmpeg Basics: Multimedia Handling with a Fast Audio and Video Encoder},
  author={Korbel, F.},
  note={ISBN~9781479327836},
  year={2012},
  publisher={CreateSpace Independent Publishing Platform}
}

@BOOK{compression_techniques,
  title={Image and Video Processing in the Compressed Domain},
  author={Mukhopadhyay, J.},
  note={ISBN~9781439829363},
  year={2011},
  publisher={CRC Press}
}

@BOOK{mpeg_timestamps,
  title={The MPEG Handbook},
  author={Watkinson, J.},
  note={ISBN~9781136028977},
  year={2012},
  publisher={Taylor \& Francis}
}

@ONLINE{ffmpeg_dranger,
  title="An ffmpeg and SDL Tutorial",
  author="Bohme, M.",
  year="2003",
  cited="2015-05-18",
  howpublished={\textit{\url{http://dranger.com/ffmpeg/tutorial01.html}}}
}

@ONLINE{particle_tracking,
  title="Object Tracking using Particle Filtering",
  author="Seo, N.",
  year="2010",
  publisher="",
  cited="2015-05-18",
  howpublished={\textit{\url{https://code.google.com/p/opencvx/wiki/ParticleFilter}}}
}

@MASTERTHESIS{algorithm_thesis,
  title="Object Tracking in Video",
  author="Betko, P.",
  school="Department of Computer Graphics and Multimedia FIT BUT",
  year="2010",
  type="Bachelor's thesis",
  supervisor="Herout, A.",
  howpublished={\textit{\url{https://www.vutbr.cz/en/studies/final-thesis?zp_id=34625}}}
}

@BOOK{qt_programming,
  title={C++ GUI Programming with Qt4},
  author={Blanchette, J. and Summerfield, M.},
  note={ISBN~9780132703000},
  year={2008},
  publisher={Pearson Education}
}

@ONLINE{cereal,
  title="cereal - A C++11 library for serialization",
  author="Grant, S. and Voorhies, R.",
  year="2015",
  cited="2015-05-18",
  howpublished={\textit{\url{http://uscilab.github.io/cereal/index.html}}}
}

@BOOK{usability_handbook,
  title={Handbook of Usability Testing: How to Plan, Design, and Conduct Effective Tests},
  author={Rubin, J. and Chisnell, D. and Spool, J.},
  note={ISBN~9781118080405},
  year={2011},
  publisher={Wiley}
}

@ONLINE{walletfox_help,
  title="How to implement help for a Qt application using QHelpEngine",
  year="2014",
  publisher="walletfox.com",
  cited="2015-05-18",
  howpublished={\textit{\url{http://www.walletfox.com/course/qhelpengineexample.php}}}
}
